<?xml version="1.0" encoding="UTF-8"?><record xmlns="http://www.loc.gov/MARC21/slim" xmlns:cinclude="http://apache.org/cocoon/include/1.0" xmlns:zs="http://www.loc.gov/zing/srw/">
  <leader>00567cz  a2200145n  4500</leader>
  <controlfield tag="001">n 2013200196</controlfield>
  <controlfield tag="003">DLC</controlfield>
  <controlfield tag="005">20130314092557.0</controlfield>
  <controlfield tag="008">130313n| azannaabn          |n aaa      </controlfield>
  <datafield tag="010" ind1=" " ind2=" ">
    <subfield code="a">n 2013200196</subfield>
  </datafield>
  <datafield tag="040" ind1=" " ind2=" ">
    <subfield code="a">DLC</subfield>
    <subfield code="b">eng</subfield>
    <subfield code="c">DLC</subfield>
    <subfield code="e">rda</subfield>
  </datafield>
  <datafield tag="100" ind1="1" ind2=" ">
    <subfield code="a">Rickli, João</subfield>
  </datafield>
  <datafield tag="373" ind1=" " ind2=" ">
    <subfield code="a">Vrije Universiteit te Amsterdam</subfield>
    <subfield code="2">naf</subfield>
  </datafield>
  <datafield tag="373" ind1=" " ind2=" ">
    <subfield code="a">Pontifícia Universidade Católica do Rio Grande do Sul</subfield>
    <subfield code="s">2011</subfield>
    <subfield code="2">naf</subfield>
  </datafield>
  <datafield tag="670" ind1=" " ind2=" ">
    <subfield code="a">Transnacionalização religiosa, 2012:</subfield>
    <subfield code="b">t.p. (João Rickli) back flap (doctoral degree, anthropology, VU Univ. Amsterdam; post-doctorated studies, PUC-RS since 2011)</subfield>
  </datafield>
</record>